@Misc{ Arduino,
	title = "Arduino Website",
	howpublished = "\url{http://www.arduino.cc/}"
}

@Misc{ Wikipedia,
	title = "Indocyanine Green",
	author = "Wikipedia",
	howpublished = "\url{http://en.wikipedia.org/wiki/Indocyanine_green}",
	note = "viitattu 10.05.2011"
}

@Article{ Owens,
	title = "Indocyanine green angiography",
	author = "Sarah L Owens",
	journal = "British Journal of Ophthalmology",
	pages = "263--266",
	volume = "80",
	year = "1996"
}

@Misc{ Elphel,
	title = "Elphel website",
	howpublished = "\url{http://www3.elphel.com/}"
}

